<collection xmlns="http://www.loc.gov/MARC21/slim">
<record>
  <leader>01593nam0a22002771i 450 </leader>
  <controlfield tag="001">IT\ICCU\CNCE\064440</controlfield>
  <controlfield tag="005">20060412000000.0</controlfield>
  <datafield tag="100" ind1=" " ind2=" ">
    <subfield code="a">20060412f15711572    0itac0103    ba</subfield>
  </datafield>
  <datafield tag="101" ind1=" " ind2=" ">
    <subfield code="a">LAT</subfield>
  </datafield>
  <datafield tag="102" ind1=" " ind2=" ">
    <subfield code="a">IT</subfield>
  </datafield>
  <datafield tag="200" ind1="1" ind2=" ">
    <subfield code="a">℗Baldi Vbaldi ... ℗Commentaria in primam (-secundam) Digesti veteris partem. Nouissima haec editio praeter accuratam correctionem, omnes omnium habet adnotationes, quae ad hunc vsq; diem impressae fuerunt. Praeterea, noua summaria, indicem ... complectentem</subfield>
  </datafield>
  <datafield tag="210" ind1=" " ind2=" ">
    <subfield code="a">Venetiis</subfield>
    <subfield code="c">apud Iuntas</subfield>
    <subfield code="d">1572</subfield>
    <subfield code="e">Venetijs</subfield>
    <subfield code="g">apud Iuntas</subfield>
    <subfield code="h">1571</subfield>
  </datafield>
  <datafield tag="215" ind1=" " ind2=" ">
    <subfield code="a">2 v.</subfield>
    <subfield code="d">fol</subfield>
  </datafield>
  <datafield tag="300" ind1=" " ind2=" ">
    <subfield code="a">ANNULLATA  !!!!  sono il 1. e il 2. v. di 54967</subfield>
  </datafield>
  <datafield tag="620" ind1=" " ind2=" ">
    <subfield code="a">IT</subfield>
    <subfield code="d">Venezia</subfield>
  </datafield>
  <datafield tag="700" ind1=" " ind2="1">
    <subfield code="a">Ubaldi,</subfield>
    <subfield code="b">Baldo : degli</subfield>
    <subfield code="3">IT\ICCU\CNCA\000077</subfield>
  </datafield>
  <datafield tag="712" ind1="0" ind2="0">
    <subfield code="a">Giunta, Lucantonio</subfield>
    <subfield code="c"> &lt;2.&gt;</subfield>
    <subfield code="3">IT\ICCU\CNCT\000089</subfield>
    <subfield code="4">650</subfield>
  </datafield>
  <datafield tag="790" ind1=" " ind2="0">
    <subfield code="a">Baldo</subfield>
    <subfield code="c"> : degli#Ubaldi</subfield>
    <subfield code="3">IT\ICCU\CNCA\007674</subfield>
    <subfield code="z">Ubaldi, Baldo : degli</subfield>
  </datafield>
  <datafield tag="790" ind1=" " ind2="0">
    <subfield code="a">Baldus</subfield>
    <subfield code="c"> : Perusinus</subfield>
    <subfield code="3">IT\ICCU\CNCA\007676</subfield>
    <subfield code="z">Ubaldi, Baldo : degli</subfield>
  </datafield>
  <datafield tag="790" ind1=" " ind2="0">
    <subfield code="a">Baldus</subfield>
    <subfield code="c"> : de#Perusio</subfield>
    <subfield code="3">IT\ICCU\CNCA\012449</subfield>
    <subfield code="z">Ubaldi, Baldo : degli</subfield>
  </datafield>
  <datafield tag="790" ind1=" " ind2="0">
    <subfield code="a">Baldus</subfield>
    <subfield code="c"> &lt;giurista&gt;</subfield>
    <subfield code="3">IT\ICCU\CNCA\023536</subfield>
    <subfield code="z">Ubaldi, Baldo : degli</subfield>
  </datafield>
  <datafield tag="791" ind1="0" ind2="0">
    <subfield code="a">Iunta, Lucas Antonius</subfield>
    <subfield code="c"> &lt;2.&gt;</subfield>
    <subfield code="3">IT\ICCU\CNCT\003893</subfield>
    <subfield code="z">Giunta, Lucantonio &lt;2.&gt;</subfield>
  </datafield>
  <datafield tag="791" ind1="0" ind2="0">
    <subfield code="a">Giunti, Lucantonio</subfield>
    <subfield code="c"> &lt;2.&gt;</subfield>
    <subfield code="3">IT\ICCU\CNCT\004932</subfield>
    <subfield code="z">Giunta, Lucantonio &lt;2.&gt;</subfield>
  </datafield>
  <datafield tag="801" ind1=" " ind2="3">
    <subfield code="a">IT</subfield>
    <subfield code="b">ICCU</subfield>
    <subfield code="c">20201115</subfield>
  </datafield>
  <datafield tag="899" ind1=" " ind2=" ">
    <subfield code="a">Biblioteca Vallicelliana. Roma</subfield>
    <subfield code="1">RM0281</subfield>
    <subfield code="2">RML 08</subfield>
  </datafield>
  <datafield tag="921" ind1=" " ind2=" ">
    <subfield code="a">IT\ICCU\CNCM\000763</subfield>
    <subfield code="b">Giglio fiorentino e iniziali L.A. In cornice figurata. In alto la Giustizia (donna alata con la spada e la bilancia)</subfield>
    <subfield code="c">Z641</subfield>
    <subfield code="d">Dimensioni: 15 x 19.</subfield>
    <subfield code="f">GIGLIO</subfield>
    <subfield code="f">LA</subfield>
    <subfield code="f">GIUSTIZIA</subfield>
    <subfield code="g">1567-1595</subfield>
  </datafield>
</record>
</collection>
